@article{mumolo2003algorithms,
  title={Algorithms for acoustic localization based on microphone array in service robotics},
  author={Mumolo, Enzo and Nolich, Massimiliano and Vercelli, Gianni},
  journal={Robotics and Autonomous systems},
  volume={42},
  number={2},
  pages={69--88},
  year={2003},
  publisher={Elsevier}
}

@inproceedings{peng2007beepbeep,
  title={Beepbeep: a high accuracy acoustic ranging system using cots mobile devices},
  author={Peng, Chunyi and Shen, Guobin and Zhang, Yongguang and Li, Yanlin and Tan, Kun},
  booktitle={Proceedings of the 5th international conference on Embedded networked sensor systems},
  pages={1--14},
  year={2007},
  organization={ACM}
}

@inproceedings{qiu2011feasibility,
  title={On the feasibility of real-time phone-to-phone 3d localization},
  author={Qiu, Jian and Chu, David and Meng, Xiangying and Moscibroda, Thomas},
  booktitle={Proceedings of the 9th ACM Conference on Embedded Networked Sensor Systems},
  pages={190--203},
  year={2011},
  organization={ACM}
}

@book{bracewell1986fourier,
  title={The Fourier transform and its applications},
  author={Bracewell, Ronald Newbold and Bracewell, RN},
  volume={31999},
  year={1986},
  publisher={McGraw-Hill New York}
}

@inproceedings{schollmeier2001definition,
  title={A definition of peer-to-peer networking for the classification of peer-to-peer architectures and applications},
  author={Schollmeier, R{\"u}diger},
  booktitle={Peer-to-Peer Computing, 2001. Proceedings. First International Conference on},
  pages={101--102},
  year={2001},
  organization={IEEE}
}

@article{stankovic1988misconceptions,
  title={Misconceptions about real-time computing: A serious problem for next-generation systems},
  author={Stankovic, John A.},
  journal={Computer},
  volume={21},
  number={10},
  pages={10--19},
  year={1988},
  publisher={IEEE}
}

@article{haartsen2000bluetooth,
  title={The Bluetooth radio system},
  author={Haartsen, Jaap C},
  journal={Personal Communications, IEEE},
  volume={7},
  number={1},
  pages={28--36},
  year={2000},
  publisher={IEEE}
}